%YAML 1.1
%TAG !u! tag:unity3d.com,2011:
--- !u!1 &7966239786954514182
GameObject:
  m_ObjectHideFlags: 0
  m_CorrespondingSourceObject: {fileID: 0}
  m_PrefabInstance: {fileID: 0}
  m_PrefabAsset: {fileID: 0}
  serializedVersion: 6
  m_Component:
  - component: {fileID: 7966239786954514183}
  - component: {fileID: 7966239786954514184}
  m_Layer: 0
  m_Name: number1
  m_TagString: Untagged
  m_Icon: {fileID: 0}
  m_NavMeshLayer: 0
  m_StaticEditorFlags: 0
  m_IsActive: 1
--- !u!4 &7966239786954514183
Transform:
  m_ObjectHideFlags: 0
  m_CorrespondingSourceObject: {fileID: 0}
  m_PrefabInstance: {fileID: 0}
  m_PrefabAsset: {fileID: 0}
  m_GameObject: {fileID: 7966239786954514182}
  m_LocalRotation: {x: 0, y: 0, z: 0, w: 1}
  m_LocalPosition: {x: 1.48, y: 0, z: 0}
  m_LocalScale: {x: 1, y: 1, z: 1}
  m_Children: []
  m_Father: {fileID: 7966239788467540794}
  m_RootOrder: 0
  m_LocalEulerAnglesHint: {x: 0, y: 0, z: 0}
--- !u!212 &7966239786954514184
SpriteRenderer:
  m_ObjectHideFlags: 0
  m_CorrespondingSourceObject: {fileID: 0}
  m_PrefabInstance: {fileID: 0}
  m_PrefabAsset: {fileID: 0}
  m_GameObject: {fileID: 7966239786954514182}
  m_Enabled: 1
  m_CastShadows: 0
  m_ReceiveShadows: 0
  m_DynamicOccludee: 1
  m_MotionVectors: 1
  m_LightProbeUsage: 1
  m_ReflectionProbeUsage: 1
  m_RayTracingMode: 0
  m_RenderingLayerMask: 1
  m_RendererPriority: 0
  m_Materials:
  - {fileID: 10754, guid: 0000000000000000f000000000000000, type: 0}
  m_StaticBatchInfo:
    firstSubMesh: 0
    subMeshCount: 0
  m_StaticBatchRoot: {fileID: 0}
  m_ProbeAnchor: {fileID: 0}
  m_LightProbeVolumeOverride: {fileID: 0}
  m_ScaleInLightmap: 1
  m_ReceiveGI: 1
  m_PreserveUVs: 0
  m_IgnoreNormalsForChartDetection: 0
  m_ImportantGI: 0
  m_StitchLightmapSeams: 1
  m_SelectedEditorRenderState: 0
  m_MinimumChartSize: 4
  m_AutoUVMaxDistance: 0.5
  m_AutoUVMaxAngle: 89
  m_LightmapParameters: {fileID: 0}
  m_SortingLayerID: -459483669
  m_SortingLayer: 2
  m_SortingOrder: 2
  m_Sprite: {fileID: 21300000, guid: edcaacb1fe4b56642897cfe92bf44f0e, type: 3}
  m_Color: {r: 1, g: 1, b: 1, a: 1}
  m_FlipX: 0
  m_FlipY: 0
  m_DrawMode: 0
  m_Size: {x: 0.24, y: 0.6}
  m_AdaptiveModeThreshold: 0.5
  m_SpriteTileMode: 0
  m_WasSpriteAssigned: 1
  m_MaskInteraction: 0
  m_SpriteSortPoint: 0
--- !u!1 &7966239787764111442
GameObject:
  m_ObjectHideFlags: 0
  m_CorrespondingSourceObject: {fileID: 0}
  m_PrefabInstance: {fileID: 0}
  m_PrefabAsset: {fileID: 0}
  serializedVersion: 6
  m_Component:
  - component: {fileID: 7966239787764111444}
  - component: {fileID: 7966239787764111443}
  m_Layer: 0
  m_Name: bottomPanel
  m_TagString: Untagged
  m_Icon: {fileID: 0}
  m_NavMeshLayer: 0
  m_StaticEditorFlags: 0
  m_IsActive: 1
--- !u!4 &7966239787764111444
Transform:
  m_ObjectHideFlags: 0
  m_CorrespondingSourceObject: {fileID: 0}
  m_PrefabInstance: {fileID: 0}
  m_PrefabAsset: {fileID: 0}
  m_GameObject: {fileID: 7966239787764111442}
  m_LocalRotation: {x: 0, y: 0, z: 0, w: 1}
  m_LocalPosition: {x: 0, y: -4, z: 0}
  m_LocalScale: {x: 1, y: 1, z: 1}
  m_Children:
  - {fileID: 7966239788467540794}
  - {fileID: 778524479622665772}
  m_Father: {fileID: 0}
  m_RootOrder: 0
  m_LocalEulerAnglesHint: {x: 0, y: 0, z: 0}
--- !u!212 &7966239787764111443
SpriteRenderer:
  m_ObjectHideFlags: 0
  m_CorrespondingSourceObject: {fileID: 0}
  m_PrefabInstance: {fileID: 0}
  m_PrefabAsset: {fileID: 0}
  m_GameObject: {fileID: 7966239787764111442}
  m_Enabled: 1
  m_CastShadows: 0
  m_ReceiveShadows: 0
  m_DynamicOccludee: 1
  m_MotionVectors: 1
  m_LightProbeUsage: 1
  m_ReflectionProbeUsage: 1
  m_RayTracingMode: 0
  m_RenderingLayerMask: 1
  m_RendererPriority: 0
  m_Materials:
  - {fileID: 10754, guid: 0000000000000000f000000000000000, type: 0}
  m_StaticBatchInfo:
    firstSubMesh: 0
    subMeshCount: 0
  m_StaticBatchRoot: {fileID: 0}
  m_ProbeAnchor: {fileID: 0}
  m_LightProbeVolumeOverride: {fileID: 0}
  m_ScaleInLightmap: 1
  m_ReceiveGI: 1
  m_PreserveUVs: 0
  m_IgnoreNormalsForChartDetection: 0
  m_ImportantGI: 0
  m_StitchLightmapSeams: 1
  m_SelectedEditorRenderState: 0
  m_MinimumChartSize: 4
  m_AutoUVMaxDistance: 0.5
  m_AutoUVMaxAngle: 89
  m_LightmapParameters: {fileID: 0}
  m_SortingLayerID: -459483669
  m_SortingLayer: 2
  m_SortingOrder: 0
  m_Sprite: {fileID: 21300000, guid: 138f63978d7853848a14f87c1d207eb8, type: 3}
  m_Color: {r: 1, g: 1, b: 1, a: 1}
  m_FlipX: 0
  m_FlipY: 0
  m_DrawMode: 0
  m_Size: {x: 15.36, y: 2.23}
  m_AdaptiveModeThreshold: 0.5
  m_SpriteTileMode: 0
  m_WasSpriteAssigned: 1
  m_MaskInteraction: 0
  m_SpriteSortPoint: 0
--- !u!1 &7966239787882562104
GameObject:
  m_ObjectHideFlags: 0
  m_CorrespondingSourceObject: {fileID: 0}
  m_PrefabInstance: {fileID: 0}
  m_PrefabAsset: {fileID: 0}
  serializedVersion: 6
  m_Component:
  - component: {fileID: 7966239787882562105}
  - component: {fileID: 7966239787882562106}
  m_Layer: 0
  m_Name: number2
  m_TagString: Untagged
  m_Icon: {fileID: 0}
  m_NavMeshLayer: 0
  m_StaticEditorFlags: 0
  m_IsActive: 1
--- !u!4 &7966239787882562105
Transform:
  m_ObjectHideFlags: 0
  m_CorrespondingSourceObject: {fileID: 0}
  m_PrefabInstance: {fileID: 0}
  m_PrefabAsset: {fileID: 0}
  m_GameObject: {fileID: 7966239787882562104}
  m_LocalRotation: {x: 0, y: 0, z: 0, w: 1}
  m_LocalPosition: {x: 1.9, y: 0, z: 0}
  m_LocalScale: {x: 1, y: 1, z: 1}
  m_Children: []
  m_Father: {fileID: 7966239788467540794}
  m_RootOrder: 1
  m_LocalEulerAnglesHint: {x: 0, y: 0, z: 0}
--- !u!212 &7966239787882562106
SpriteRenderer:
  m_ObjectHideFlags: 0
  m_CorrespondingSourceObject: {fileID: 0}
  m_PrefabInstance: {fileID: 0}
  m_PrefabAsset: {fileID: 0}
  m_GameObject: {fileID: 7966239787882562104}
  m_Enabled: 1
  m_CastShadows: 0
  m_ReceiveShadows: 0
  m_DynamicOccludee: 1
  m_MotionVectors: 1
  m_LightProbeUsage: 1
  m_ReflectionProbeUsage: 1
  m_RayTracingMode: 0
  m_RenderingLayerMask: 1
  m_RendererPriority: 0
  m_Materials:
  - {fileID: 10754, guid: 0000000000000000f000000000000000, type: 0}
  m_StaticBatchInfo:
    firstSubMesh: 0
    subMeshCount: 0
  m_StaticBatchRoot: {fileID: 0}
  m_ProbeAnchor: {fileID: 0}
  m_LightProbeVolumeOverride: {fileID: 0}
  m_ScaleInLightmap: 1
  m_ReceiveGI: 1
  m_PreserveUVs: 0
  m_IgnoreNormalsForChartDetection: 0
  m_ImportantGI: 0
  m_StitchLightmapSeams: 1
  m_SelectedEditorRenderState: 0
  m_MinimumChartSize: 4
  m_AutoUVMaxDistance: 0.5
  m_AutoUVMaxAngle: 89
  m_LightmapParameters: {fileID: 0}
  m_SortingLayerID: -459483669
  m_SortingLayer: 2
  m_SortingOrder: 2
  m_Sprite: {fileID: 21300000, guid: edcaacb1fe4b56642897cfe92bf44f0e, type: 3}
  m_Color: {r: 1, g: 1, b: 1, a: 1}
  m_FlipX: 0
  m_FlipY: 0
  m_DrawMode: 0
  m_Size: {x: 0.46, y: 0.61}
  m_AdaptiveModeThreshold: 0.5
  m_SpriteTileMode: 0
  m_WasSpriteAssigned: 1
  m_MaskInteraction: 0
  m_SpriteSortPoint: 0
--- !u!1 &7966239788130016755
GameObject:
  m_ObjectHideFlags: 0
  m_CorrespondingSourceObject: {fileID: 0}
  m_PrefabInstance: {fileID: 0}
  m_PrefabAsset: {fileID: 0}
  serializedVersion: 6
  m_Component:
  - component: {fileID: 778524479622665772}
  - component: {fileID: 7966239788130016757}
  - component: {fileID: 2626163213171047268}
  m_Layer: 0
  m_Name: table
  m_TagString: tagToolBoxes
  m_Icon: {fileID: 0}
  m_NavMeshLayer: 0
  m_StaticEditorFlags: 0
  m_IsActive: 1
--- !u!224 &778524479622665772
RectTransform:
  m_ObjectHideFlags: 0
  m_CorrespondingSourceObject: {fileID: 0}
  m_PrefabInstance: {fileID: 0}
  m_PrefabAsset: {fileID: 0}
  m_GameObject: {fileID: 7966239788130016755}
  m_LocalRotation: {x: -0, y: -0, z: -0, w: 1}
  m_LocalPosition: {x: 0, y: 0, z: 0}
  m_LocalScale: {x: 1, y: 1, z: 1}
  m_Children:
  - {fileID: 2765066706575371314}
  - {fileID: 3345844376699741753}
  - {fileID: 8928091830809314099}
  m_Father: {fileID: 7966239787764111444}
  m_RootOrder: 1
  m_LocalEulerAnglesHint: {x: 0, y: 0, z: 0}
  m_AnchorMin: {x: 0.5, y: 0.5}
  m_AnchorMax: {x: 0.5, y: 0.5}
  m_AnchoredPosition: {x: 1.9, y: -0.16}
  m_SizeDelta: {x: 8, y: 1.2}
  m_Pivot: {x: 0.5, y: 0.5}
--- !u!212 &7966239788130016757
SpriteRenderer:
  m_ObjectHideFlags: 0
  m_CorrespondingSourceObject: {fileID: 0}
  m_PrefabInstance: {fileID: 0}
  m_PrefabAsset: {fileID: 0}
  m_GameObject: {fileID: 7966239788130016755}
  m_Enabled: 1
  m_CastShadows: 0
  m_ReceiveShadows: 0
  m_DynamicOccludee: 1
  m_MotionVectors: 1
  m_LightProbeUsage: 1
  m_ReflectionProbeUsage: 1
  m_RayTracingMode: 0
  m_RenderingLayerMask: 1
  m_RendererPriority: 0
  m_Materials:
  - {fileID: 10754, guid: 0000000000000000f000000000000000, type: 0}
  m_StaticBatchInfo:
    firstSubMesh: 0
    subMeshCount: 0
  m_StaticBatchRoot: {fileID: 0}
  m_ProbeAnchor: {fileID: 0}
  m_LightProbeVolumeOverride: {fileID: 0}
  m_ScaleInLightmap: 1
  m_ReceiveGI: 1
  m_PreserveUVs: 0
  m_IgnoreNormalsForChartDetection: 0
  m_ImportantGI: 0
  m_StitchLightmapSeams: 1
  m_SelectedEditorRenderState: 0
  m_MinimumChartSize: 4
  m_AutoUVMaxDistance: 0.5
  m_AutoUVMaxAngle: 89
  m_LightmapParameters: {fileID: 0}
  m_SortingLayerID: -459483669
  m_SortingLayer: 2
  m_SortingOrder: 2
  m_Sprite: {fileID: 21300000, guid: b31721bfe265a5144a43854c57dc6120, type: 3}
  m_Color: {r: 1, g: 1, b: 1, a: 1}
  m_FlipX: 0
  m_FlipY: 0
  m_DrawMode: 0
  m_Size: {x: 9, y: 1.8}
  m_AdaptiveModeThreshold: 0.5
  m_SpriteTileMode: 0
  m_WasSpriteAssigned: 1
  m_MaskInteraction: 0
  m_SpriteSortPoint: 0
--- !u!114 &2626163213171047268
MonoBehaviour:
  m_ObjectHideFlags: 0
  m_CorrespondingSourceObject: {fileID: 0}
  m_PrefabInstance: {fileID: 0}
  m_PrefabAsset: {fileID: 0}
  m_GameObject: {fileID: 7966239788130016755}
  m_Enabled: 1
  m_EditorHideFlags: 0
  m_Script: {fileID: 11500000, guid: 7fb42bb534dc0a241b28234805d58392, type: 3}
  m_Name: 
  m_EditorClassIdentifier: 
  item:
  - {fileID: 11400000, guid: 0700d3648fe717744a5c9c872ef12fe6, type: 2}
  - {fileID: 11400000, guid: 9cc28ef0f7c7f9b40ad5301a5e92280e, type: 2}
  - {fileID: 11400000, guid: 60a05e3d0db4063489a4c1fa4ada7075, type: 2}
  - {fileID: 11400000, guid: cf7122f43fb9ca74c9856cf9c317cd4e, type: 2}
  - {fileID: 11400000, guid: 4930ebff693f63a40896a76f8d302867, type: 2}
  - {fileID: 11400000, guid: 9d43f6cede814a14e817ff3d857162f5, type: 2}
  - {fileID: 11400000, guid: 0aaa62234d090cf44a46c9ddb3fd0737, type: 2}
  - {fileID: 11400000, guid: 12016dbbf37af79468616225baee93c1, type: 2}
  - {fileID: 11400000, guid: 81069c48cfe13654a8e35442b33c2d1e, type: 2}
  toolBox:
  - {fileID: 1258728207776296773}
  - {fileID: 1821222934405391694}
  - {fileID: 5534483108031545412}
  boxActive: 0
--- !u!1 &7966239788467540793
GameObject:
  m_ObjectHideFlags: 0
  m_CorrespondingSourceObject: {fileID: 0}
  m_PrefabInstance: {fileID: 0}
  m_PrefabAsset: {fileID: 0}
  serializedVersion: 6
  m_Component:
  - component: {fileID: 7966239788467540794}
  - component: {fileID: 7966239788467540795}
  - component: {fileID: 6703953764236643617}
  m_Layer: 0
  m_Name: level
  m_TagString: Untagged
  m_Icon: {fileID: 0}
  m_NavMeshLayer: 0
  m_StaticEditorFlags: 0
  m_IsActive: 1
--- !u!4 &7966239788467540794
Transform:
  m_ObjectHideFlags: 0
  m_CorrespondingSourceObject: {fileID: 0}
  m_PrefabInstance: {fileID: 0}
  m_PrefabAsset: {fileID: 0}
  m_GameObject: {fileID: 7966239788467540793}
  m_LocalRotation: {x: -0, y: -0, z: -0, w: 1}
  m_LocalPosition: {x: -5.11, y: -0.16, z: 0}
  m_LocalScale: {x: 1, y: 1, z: 1}
  m_Children:
  - {fileID: 7966239786954514183}
  - {fileID: 7966239787882562105}
  m_Father: {fileID: 7966239787764111444}
  m_RootOrder: 0
  m_LocalEulerAnglesHint: {x: 0, y: 0, z: 0}
--- !u!212 &7966239788467540795
SpriteRenderer:
  m_ObjectHideFlags: 0
  m_CorrespondingSourceObject: {fileID: 0}
  m_PrefabInstance: {fileID: 0}
  m_PrefabAsset: {fileID: 0}
  m_GameObject: {fileID: 7966239788467540793}
  m_Enabled: 1
  m_CastShadows: 0
  m_ReceiveShadows: 0
  m_DynamicOccludee: 1
  m_MotionVectors: 1
  m_LightProbeUsage: 1
  m_ReflectionProbeUsage: 1
  m_RayTracingMode: 0
  m_RenderingLayerMask: 1
  m_RendererPriority: 0
  m_Materials:
  - {fileID: 10754, guid: 0000000000000000f000000000000000, type: 0}
  m_StaticBatchInfo:
    firstSubMesh: 0
    subMeshCount: 0
  m_StaticBatchRoot: {fileID: 0}
  m_ProbeAnchor: {fileID: 0}
  m_LightProbeVolumeOverride: {fileID: 0}
  m_ScaleInLightmap: 1
  m_ReceiveGI: 1
  m_PreserveUVs: 0
  m_IgnoreNormalsForChartDetection: 0
  m_ImportantGI: 0
  m_StitchLightmapSeams: 1
  m_SelectedEditorRenderState: 0
  m_MinimumChartSize: 4
  m_AutoUVMaxDistance: 0.5
  m_AutoUVMaxAngle: 89
  m_LightmapParameters: {fileID: 0}
  m_SortingLayerID: -459483669
  m_SortingLayer: 2
  m_SortingOrder: 1
  m_Sprite: {fileID: 21300000, guid: 1167beb1a41d9cf4da35bdb8db71e734, type: 3}
  m_Color: {r: 1, g: 1, b: 1, a: 1}
  m_FlipX: 0
  m_FlipY: 0
  m_DrawMode: 0
  m_Size: {x: 2.19, y: 0.61}
  m_AdaptiveModeThreshold: 0.5
  m_SpriteTileMode: 0
  m_WasSpriteAssigned: 1
  m_MaskInteraction: 0
  m_SpriteSortPoint: 0
--- !u!114 &6703953764236643617
MonoBehaviour:
  m_ObjectHideFlags: 0
  m_CorrespondingSourceObject: {fileID: 0}
  m_PrefabInstance: {fileID: 0}
  m_PrefabAsset: {fileID: 0}
  m_GameObject: {fileID: 7966239788467540793}
  m_Enabled: 1
  m_EditorHideFlags: 0
  m_Script: {fileID: 11500000, guid: ef4457b8928c85a47a930adf47c1ff46, type: 3}
  m_Name: 
  m_EditorClassIdentifier: 
  zero: {fileID: 21300000, guid: 0b531d8168c289547a5960abc1d9737e, type: 3}
  one: {fileID: 21300000, guid: 8b17b3c08b9dc314daa84c95ad2e953c, type: 3}
  two: {fileID: 21300000, guid: 2e079e770b0ed66489499b6d30e3270f, type: 3}
  three: {fileID: 21300000, guid: 6fc39ae7ddfafa344804e1a97e0e76f0, type: 3}
  four: {fileID: 21300000, guid: 6438b31ef9487a042a8300e044fc97c4, type: 3}
  five: {fileID: 21300000, guid: acf67f7f258942a48903431b40ac834e, type: 3}
  six: {fileID: 21300000, guid: 4cd1cfdbb120e5746b1be57d9d50d323, type: 3}
  seven: {fileID: 21300000, guid: 68ca21bb13fb40d42a960d875a433b0b, type: 3}
  eight: {fileID: 21300000, guid: 316bea89e9345554dbb9c3cd36c676c1, type: 3}
  nine: {fileID: 21300000, guid: edcaacb1fe4b56642897cfe92bf44f0e, type: 3}
--- !u!1001 &2839665778805286401
PrefabInstance:
  m_ObjectHideFlags: 0
  serializedVersion: 2
  m_Modification:
    m_TransformParent: {fileID: 778524479622665772}
    m_Modifications:
    - target: {fileID: 87813037371329075, guid: 13eab23592653c54f8d86b66e6bef44a,
        type: 3}
      propertyPath: m_LocalPosition.x
      value: 0
      objectReference: {fileID: 0}
    - target: {fileID: 87813037371329075, guid: 13eab23592653c54f8d86b66e6bef44a,
        type: 3}
      propertyPath: m_LocalPosition.y
      value: 0
      objectReference: {fileID: 0}
    - target: {fileID: 87813037371329075, guid: 13eab23592653c54f8d86b66e6bef44a,
        type: 3}
      propertyPath: m_LocalPosition.z
      value: 0
      objectReference: {fileID: 0}
    - target: {fileID: 87813037371329075, guid: 13eab23592653c54f8d86b66e6bef44a,
        type: 3}
      propertyPath: m_LocalRotation.x
      value: 0
      objectReference: {fileID: 0}
    - target: {fileID: 87813037371329075, guid: 13eab23592653c54f8d86b66e6bef44a,
        type: 3}
      propertyPath: m_LocalRotation.y
      value: 0
      objectReference: {fileID: 0}
    - target: {fileID: 87813037371329075, guid: 13eab23592653c54f8d86b66e6bef44a,
        type: 3}
      propertyPath: m_LocalRotation.z
      value: 0
      objectReference: {fileID: 0}
    - target: {fileID: 87813037371329075, guid: 13eab23592653c54f8d86b66e6bef44a,
        type: 3}
      propertyPath: m_LocalRotation.w
      value: 1
      objectReference: {fileID: 0}
    - target: {fileID: 87813037371329075, guid: 13eab23592653c54f8d86b66e6bef44a,
        type: 3}
      propertyPath: m_RootOrder
      value: 0
      objectReference: {fileID: 0}
    - target: {fileID: 87813037371329075, guid: 13eab23592653c54f8d86b66e6bef44a,
        type: 3}
      propertyPath: m_LocalEulerAnglesHint.x
      value: 0
      objectReference: {fileID: 0}
    - target: {fileID: 87813037371329075, guid: 13eab23592653c54f8d86b66e6bef44a,
        type: 3}
      propertyPath: m_LocalEulerAnglesHint.y
      value: 0
      objectReference: {fileID: 0}
    - target: {fileID: 87813037371329075, guid: 13eab23592653c54f8d86b66e6bef44a,
        type: 3}
      propertyPath: m_LocalEulerAnglesHint.z
      value: 0
      objectReference: {fileID: 0}
    - target: {fileID: 3692488853426242566, guid: 13eab23592653c54f8d86b66e6bef44a,
        type: 3}
      propertyPath: m_Sprite
      value: 
      objectReference: {fileID: 21300000, guid: c008d9bafcdd68f488501ca5f724457f,
        type: 3}
    - target: {fileID: 3899943940069034308, guid: 13eab23592653c54f8d86b66e6bef44a,
        type: 3}
      propertyPath: m_Name
      value: toolBox1
      objectReference: {fileID: 0}
    - target: {fileID: 3899943940069034308, guid: 13eab23592653c54f8d86b66e6bef44a,
        type: 3}
      propertyPath: m_IsActive
      value: 0
      objectReference: {fileID: 0}
    - target: {fileID: 5664894553494740345, guid: 13eab23592653c54f8d86b66e6bef44a,
        type: 3}
      propertyPath: m_IsActive
      value: 0
      objectReference: {fileID: 0}
    - target: {fileID: 7607814522699207976, guid: 13eab23592653c54f8d86b66e6bef44a,
        type: 3}
      propertyPath: m_Sprite
      value: 
      objectReference: {fileID: 21300000, guid: 569c14b4f8d6a0249890168fce4bb124,
        type: 3}
    m_RemovedComponents: []
  m_SourcePrefab: {fileID: 100100000, guid: 13eab23592653c54f8d86b66e6bef44a, type: 3}
--- !u!1 &1258728207776296773 stripped
GameObject:
  m_CorrespondingSourceObject: {fileID: 3899943940069034308, guid: 13eab23592653c54f8d86b66e6bef44a,
    type: 3}
  m_PrefabInstance: {fileID: 2839665778805286401}
  m_PrefabAsset: {fileID: 0}
--- !u!4 &2765066706575371314 stripped
Transform:
  m_CorrespondingSourceObject: {fileID: 87813037371329075, guid: 13eab23592653c54f8d86b66e6bef44a,
    type: 3}
  m_PrefabInstance: {fileID: 2839665778805286401}
  m_PrefabAsset: {fileID: 0}
--- !u!1001 &3411805221692091402
PrefabInstance:
  m_ObjectHideFlags: 0
  serializedVersion: 2
  m_Modification:
    m_TransformParent: {fileID: 778524479622665772}
    m_Modifications:
    - target: {fileID: 87813037371329075, guid: 13eab23592653c54f8d86b66e6bef44a,
        type: 3}
      propertyPath: m_LocalPosition.x
      value: 0
      objectReference: {fileID: 0}
    - target: {fileID: 87813037371329075, guid: 13eab23592653c54f8d86b66e6bef44a,
        type: 3}
      propertyPath: m_LocalPosition.y
      value: 0
      objectReference: {fileID: 0}
    - target: {fileID: 87813037371329075, guid: 13eab23592653c54f8d86b66e6bef44a,
        type: 3}
      propertyPath: m_LocalPosition.z
      value: 0
      objectReference: {fileID: 0}
    - target: {fileID: 87813037371329075, guid: 13eab23592653c54f8d86b66e6bef44a,
        type: 3}
      propertyPath: m_LocalRotation.x
      value: 0
      objectReference: {fileID: 0}
    - target: {fileID: 87813037371329075, guid: 13eab23592653c54f8d86b66e6bef44a,
        type: 3}
      propertyPath: m_LocalRotation.y
      value: 0
      objectReference: {fileID: 0}
    - target: {fileID: 87813037371329075, guid: 13eab23592653c54f8d86b66e6bef44a,
        type: 3}
      propertyPath: m_LocalRotation.z
      value: 0
      objectReference: {fileID: 0}
    - target: {fileID: 87813037371329075, guid: 13eab23592653c54f8d86b66e6bef44a,
        type: 3}
      propertyPath: m_LocalRotation.w
      value: 1
      objectReference: {fileID: 0}
    - target: {fileID: 87813037371329075, guid: 13eab23592653c54f8d86b66e6bef44a,
        type: 3}
      propertyPath: m_RootOrder
      value: 1
      objectReference: {fileID: 0}
    - target: {fileID: 87813037371329075, guid: 13eab23592653c54f8d86b66e6bef44a,
        type: 3}
      propertyPath: m_LocalEulerAnglesHint.x
      value: 0
      objectReference: {fileID: 0}
    - target: {fileID: 87813037371329075, guid: 13eab23592653c54f8d86b66e6bef44a,
        type: 3}
      propertyPath: m_LocalEulerAnglesHint.y
      value: 0
      objectReference: {fileID: 0}
    - target: {fileID: 87813037371329075, guid: 13eab23592653c54f8d86b66e6bef44a,
        type: 3}
      propertyPath: m_LocalEulerAnglesHint.z
      value: 0
      objectReference: {fileID: 0}
    - target: {fileID: 3899943940069034308, guid: 13eab23592653c54f8d86b66e6bef44a,
        type: 3}
      propertyPath: m_Name
      value: toolBox2
      objectReference: {fileID: 0}
    - target: {fileID: 3899943940069034308, guid: 13eab23592653c54f8d86b66e6bef44a,
        type: 3}
      propertyPath: m_IsActive
      value: 0
      objectReference: {fileID: 0}
    m_RemovedComponents: []
  m_SourcePrefab: {fileID: 100100000, guid: 13eab23592653c54f8d86b66e6bef44a, type: 3}
--- !u!1 &1821222934405391694 stripped
GameObject:
  m_CorrespondingSourceObject: {fileID: 3899943940069034308, guid: 13eab23592653c54f8d86b66e6bef44a,
    type: 3}
  m_PrefabInstance: {fileID: 3411805221692091402}
  m_PrefabAsset: {fileID: 0}
--- !u!4 &3345844376699741753 stripped
Transform:
  m_CorrespondingSourceObject: {fileID: 87813037371329075, guid: 13eab23592653c54f8d86b66e6bef44a,
    type: 3}
  m_PrefabInstance: {fileID: 3411805221692091402}
  m_PrefabAsset: {fileID: 0}
--- !u!1001 &8849869352399161600
PrefabInstance:
  m_ObjectHideFlags: 0
  serializedVersion: 2
  m_Modification:
    m_TransformParent: {fileID: 778524479622665772}
    m_Modifications:
    - target: {fileID: 87813037371329075, guid: 13eab23592653c54f8d86b66e6bef44a,
        type: 3}
      propertyPath: m_LocalPosition.x
      value: 0
      objectReference: {fileID: 0}
    - target: {fileID: 87813037371329075, guid: 13eab23592653c54f8d86b66e6bef44a,
        type: 3}
      propertyPath: m_LocalPosition.y
      value: 0
      objectReference: {fileID: 0}
    - target: {fileID: 87813037371329075, guid: 13eab23592653c54f8d86b66e6bef44a,
        type: 3}
      propertyPath: m_LocalPosition.z
      value: 0
      objectReference: {fileID: 0}
    - target: {fileID: 87813037371329075, guid: 13eab23592653c54f8d86b66e6bef44a,
        type: 3}
      propertyPath: m_LocalRotation.x
      value: 0
      objectReference: {fileID: 0}
    - target: {fileID: 87813037371329075, guid: 13eab23592653c54f8d86b66e6bef44a,
        type: 3}
      propertyPath: m_LocalRotation.y
      value: 0
      objectReference: {fileID: 0}
    - target: {fileID: 87813037371329075, guid: 13eab23592653c54f8d86b66e6bef44a,
        type: 3}
      propertyPath: m_LocalRotation.z
      value: 0
      objectReference: {fileID: 0}
    - target: {fileID: 87813037371329075, guid: 13eab23592653c54f8d86b66e6bef44a,
        type: 3}
      propertyPath: m_LocalRotation.w
      value: 1
      objectReference: {fileID: 0}
    - target: {fileID: 87813037371329075, guid: 13eab23592653c54f8d86b66e6bef44a,
        type: 3}
      propertyPath: m_RootOrder
      value: 2
      objectReference: {fileID: 0}
    - target: {fileID: 87813037371329075, guid: 13eab23592653c54f8d86b66e6bef44a,
        type: 3}
      propertyPath: m_LocalEulerAnglesHint.x
      value: 0
      objectReference: {fileID: 0}
    - target: {fileID: 87813037371329075, guid: 13eab23592653c54f8d86b66e6bef44a,
        type: 3}
      propertyPath: m_LocalEulerAnglesHint.y
      value: 0
      objectReference: {fileID: 0}
    - target: {fileID: 87813037371329075, guid: 13eab23592653c54f8d86b66e6bef44a,
        type: 3}
      propertyPath: m_LocalEulerAnglesHint.z
      value: 0
      objectReference: {fileID: 0}
    - target: {fileID: 3692488853426242566, guid: 13eab23592653c54f8d86b66e6bef44a,
        type: 3}
      propertyPath: m_Sprite
      value: 
      objectReference: {fileID: 21300000, guid: c008d9bafcdd68f488501ca5f724457f,
        type: 3}
    - target: {fileID: 3899943940069034308, guid: 13eab23592653c54f8d86b66e6bef44a,
        type: 3}
      propertyPath: m_Name
      value: toolBox3
      objectReference: {fileID: 0}
    - target: {fileID: 3899943940069034308, guid: 13eab23592653c54f8d86b66e6bef44a,
        type: 3}
      propertyPath: m_IsActive
      value: 0
      objectReference: {fileID: 0}
    - target: {fileID: 6094444180768281591, guid: 13eab23592653c54f8d86b66e6bef44a,
        type: 3}
      propertyPath: m_Sprite
      value: 
      objectReference: {fileID: 21300000, guid: 569c14b4f8d6a0249890168fce4bb124,
        type: 3}
    - target: {fileID: 6810973138966510291, guid: 13eab23592653c54f8d86b66e6bef44a,
        type: 3}
      propertyPath: m_IsActive
      value: 0
      objectReference: {fileID: 0}
    m_RemovedComponents: []
  m_SourcePrefab: {fileID: 100100000, guid: 13eab23592653c54f8d86b66e6bef44a, type: 3}
--- !u!1 &5534483108031545412 stripped
GameObject:
  m_CorrespondingSourceObject: {fileID: 3899943940069034308, guid: 13eab23592653c54f8d86b66e6bef44a,
    type: 3}
  m_PrefabInstance: {fileID: 8849869352399161600}
  m_PrefabAsset: {fileID: 0}
--- !u!4 &8928091830809314099 stripped
Transform:
  m_CorrespondingSourceObject: {fileID: 87813037371329075, guid: 13eab23592653c54f8d86b66e6bef44a,
    type: 3}
  m_PrefabInstance: {fileID: 8849869352399161600}
  m_PrefabAsset: {fileID: 0}
